@inproceedings{bogart2016break,
  title     = {How to break an API: cost negotiation and community values in three software ecosystems},
  author    = {Bogart, Christopher and K{\"a}stner, Christian and Herbsleb, James and Thung, Ferdian},
  booktitle = {Proceedings of the 2016 24th ACM SIGSOFT International Symposium on Foundations of Software Engineering},
  pages     = {109--120},
  year      = {2016}
}
@inproceedings{fang2020need,
  title     = {Need for tweet: How open source developers talk about their github work on twitter},
  author    = {Fang, Hongbo and Klug, Daniel and Lamba, Hemank and Herbsleb, James and Vasilescu, Bogdan},
  booktitle = {Proceedings of the 17th International Conference on Mining Software Repositories},
  pages     = {322--326},
  year      = {2020}
}
@inproceedings{dagenais2010creating,
  title     = {Creating and evolving developer documentation: understanding the decisions of open source contributors},
  author    = {Dagenais, Barth{\'e}l{\'e}my and Robillard, Martin P},
  booktitle = {Proceedings of the eighteenth ACM SIGSOFT international symposium on Foundations of software engineering},
  pages     = {127--136},
  year      = {2010}
}
@book{corbin2014basics,
  title     = {Basics of qualitative research: Techniques and procedures for developing grounded theory},
  author    = {Corbin, Juliet and Strauss, Anselm},
  year      = {2014},
  publisher = {Sage publications}
}