@article{cheng2023age,
  title={In the Age of Collaboration, the Computer-Aided Design Ecosystem is Behind: An Interview Study of Distributed CAD Practice},
  author={Cheng, Kathy And Davis, Michal And Zhang, Jasmine and Zhou, Shurui And Olechowski, Alison},
  journal={Proceedings of the ACM on human-computer interaction},
  volume={3},
  number={CSCW},
  pages={1--29},
  year={2023},
  publisher={ACM New York, NY, USA},
}