@misc{gitHubOpenSourceSurvey2017,
  author = {Zlotnick, Frances},
  title = {GitHub Open Source Survey 2017},
  month = jun,
  doi = {10.5281/zenodo.806811},
  publisher = {GitHub, Inc.},
  howpublished = {\url{http://opensourcesurvey.org/2017/}},
  year = 2017,
}
@article{bertrand2004emily,
  title = {Are Emily and Greg more employable than Lakisha and Jamal? A field
           experiment on labor market discrimination},
  author = {Bertrand, Marianne and Mullainathan, Sendhil},
  journal = {American economic review},
  volume = {94},
  number = {4},
  pages = {991--1013},
  year = {2004},
  publisher = {American Economic Association},
  howpublished = {\url{
                  http://cpi.stanford.edu/_media/pdf/key_issues/race_research.pdf
                  }},
}
@article{wang2007sample,
  title = {Sample size calculation for comparing proportions},
  author = {Wang, Hansheng and Chow, Shein-Chung},
  journal = {Wiley Encyclopedia of Clinical Trials},
  volume = {10},
  pages = {9781118445112},
  year = {2007},
  publisher = {Citeseer},
}
@article{geiger17,
  author = {R. Stuart Geiger},
  title = {Summary Analysis of the 2017 GitHub Open Source Survey},
  journal = {CoRR},
  volume = {abs/1706.02777},
  year = {2017},
  url = {http://arxiv.org/abs/1706.02777},
  eprinttype = {arXiv},
  eprint = {1706.02777},
  timestamp = {Mon, 13 Aug 2018 16:48:50 +0200},
  biburl = {https://dblp.org/rec/journals/corr/Geiger17.bib},
  bibsource = {dblp computer science bibliography, https://dblp.org},
}
@article{names,
  author = {Data.gov},
  title = {USA Baby Names - 100\% sample of Social Security card applications
           for births that occurred in the United States after 1879},
  journal = {Public Domain},
  year = {2015},
  url = {
         https://bigquery.cloud.google.com/dataset/bigquery-public-data:usa_names
         },
}
