@article{cheng2023age,
  title  = {In the Age of Collaboration, the Computer-Aided Design Ecosystem is Behind: An Interview Study of Distributed CAD Practice},
  author = {Cheng, Kathy and Davis, Michal and Zhang, Jasmine and Zhou, Shurui and Olechowski, Alison},
  year   = {2023}
}

