
@misc{gitHubOpenSourceSurvey2017,
  author       = {Zlotnick, Frances},
  title        = {GitHub Open Source Survey 2017},
  month        = jun,
  doi          = {10.5281/zenodo.806811},
  publisher    = {GitHub, Inc.},
  howpublished = {\url{http://opensourcesurvey.org/2017/}}
  year         = 2017,
}